<record xmlns='http://www.loc.gov/MARC21/slim'><leader>04377ctm a2200589Ia 4500</leader><controlfield tag='001'>4794862</controlfield><controlfield tag='005'>20200922162111.0</controlfield><controlfield tag='008'>060714s1389    su            000 0 ara d</controlfield><datafield ind1=' ' ind2=' ' tag='035'><subfield code='a'>(OCoLC)ocm70315771</subfield></datafield><datafield ind1=' ' ind2=' ' tag='035'><subfield code='a'>4794862</subfield></datafield><datafield ind1=' ' ind2=' ' tag='040'><subfield code='a'>PUL</subfield><subfield code='c'>PUL</subfield><subfield code='e'>amremm</subfield></datafield><datafield ind1=' ' ind2=' ' tag='043'><subfield code='a'>n-us-nj</subfield><subfield code='a'>a-su---</subfield></datafield><datafield ind1=' ' ind2=' ' tag='049'><subfield code='a'>PULL</subfield></datafield><datafield ind1='1' ind2=' ' tag='100'><subfield code='6'>880-01</subfield><subfield code='a'>ʻIrāqī, ʻAbd al-Raḥīm ibn al-Ḥusayn,</subfield><subfield code='d'>1325-1404.</subfield><subfield code='0'>http://id.loc.gov/authorities/names/n84199018</subfield></datafield><datafield ind1='1' ind2='0' tag='245'><subfield code='6'>880-02</subfield><subfield code='a'>Kitāb Naẓm al-durar al-sanīyah fī al-siyar al-zakīyah /</subfield><subfield code='c'>naẓm al-faqīr ilá Allāh taʻālá ʻAbd al-Raḥīm ibn al-Ḥusayn bi-al-Madīnah al-sharīfah.</subfield></datafield><datafield ind1='3' ind2='0' tag='246'><subfield code='6'>880-03</subfield><subfield code='a'>Naẓm al-durar al-sanīyah fī al-siyar al-zakīyah</subfield></datafield><datafield ind1='3' ind2='0' tag='246'><subfield code='6'>880-04</subfield><subfield code='a'>al-Durar al-sanīyah fī al-siyar al-zakīyah</subfield></datafield><datafield ind1='1' ind2=' ' tag='246'><subfield code='6'>880-05</subfield><subfield code='i'>Title on a spine label (horizontal):</subfield><subfield code='a'>al-Durar al-sanīyah fī al-sīrah al-zakīyah</subfield></datafield><datafield ind1='1' ind2=' ' tag='246'><subfield code='6'>880-06</subfield><subfield code='i'>Also known as:</subfield><subfield code='a'>Alfīyat al-sīrah</subfield></datafield><datafield ind1='1' ind2=' ' tag='246'><subfield code='6'>880-07</subfield><subfield code='i'>Also known as:</subfield><subfield code='a'>al-Alfīyah fī al-siyar</subfield></datafield><datafield ind1='1' ind2=' ' tag='246'><subfield code='6'>880-08</subfield><subfield code='i'>Also known as:</subfield><subfield code='a'>Naẓm al-durar fī al-maghāzī wa-al-siyar</subfield></datafield><datafield ind1=' ' ind2=' ' tag='260'><subfield code='c'>[before 1389]</subfield></datafield><datafield ind1=' ' ind2=' ' tag='300'><subfield code='a'>i, 40 leaves :</subfield><subfield code='b'>paper ;</subfield><subfield code='c'>213 x 158 (143 x 98) mm. bound to 215 x 167 mm.</subfield></datafield><datafield ind1=' ' ind2=' ' tag='500'><subfield code='a'>Ms. codex.</subfield></datafield><datafield ind1=' ' ind2=' ' tag='500'><subfield code='a'>Title from title page (fol. 1a).</subfield></datafield><datafield ind1='8' ind2=' ' tag='520'><subfield code='a'>Autograph copy of a biography of the Prophet Muḥammad in 1000 rajaz verses (GAL).</subfield></datafield><datafield ind1=' ' ind2=' ' tag='500'><subfield code='a'>13 to 16 lines per page. Written in large casual naskh in thick black ink with use of red for decorations and re-inking. Dark cream glazed paper with laid and chain lines (grouped by two and three) visible. Fol. 18-19 are later replacements (light cream glazed paper with chain and laid lines visible). Some words are crossed out with a later version in the margin (see fol. 13a). On fol. (i)a: Ownership statements with seals; waqf mention; inscriptions. On fol. 1a: Title; long note (almost illegible); ownership statements; waqf. Several reading statements in the margin of fol. 4a, 6a, etc. On fol. 37b-40b: Several audition certificates (samāʻ) by the author&apos;s hand, the last dated 12 Dhū al-Ḥujjah 791 H. [1389]. Catchword on the verso of each leaf. Foliation in pencil using Western numerals.</subfield></datafield><datafield ind1=' ' ind2=' ' tag='500'><subfield code='a'>Autograph, al-Madīnah (colophon, fol. 37b).</subfield></datafield><datafield ind1=' ' ind2=' ' tag='561'><subfield code='a'>Acquired from Abraham Shalom Yahuda, 1942.</subfield></datafield><datafield ind1=' ' ind2=' ' tag='563'><subfield code='a'>Upper and lower covers and envelope flap made of brown leather over paper pasteboards. Upper and lower covers are similarly richly blind- and gold-tooled with a central roundel with geometrical motifs and an elaborate outer frame. The envelope flap has a portion of the same frame, with a roundel on its pointe. Embossed leather doublure.</subfield></datafield><datafield ind1='4' ind2=' ' tag='510'><subfield code='a'>Mach, R. Yahuda,</subfield><subfield code='c'>4518</subfield></datafield><datafield ind1='4' ind2=' ' tag='510'><subfield code='a'>Brockelmann, C. GAL,</subfield><subfield code='c'>II, 65 (7/2)</subfield></datafield><datafield ind1='4' ind2=' ' tag='510'><subfield code='a'>Brockelmann, C. GAL,</subfield><subfield code='c'>SII, 70/2</subfield></datafield><datafield ind1=' ' ind2=' ' tag='541'><subfield code='c'>Gift ;</subfield><subfield code='a'>Robert Garrett, Class of 1897 ;</subfield><subfield code='d'>1942.</subfield></datafield><datafield ind1='0' ind2='0' tag='600'><subfield code='a'>Muḥammad,</subfield><subfield code='c'>Prophet,</subfield><subfield code='d'>-632</subfield><subfield code='v'>Biography</subfield><subfield code='v'>Early works to 1800.</subfield></datafield><datafield ind1=' ' ind2='0' tag='650'><subfield code='a'>Arabic poetry</subfield><subfield code='y'>14th century.</subfield></datafield><datafield ind1=' ' ind2='0' tag='650'><subfield code='a'>Islamic poetry, Arabic</subfield><subfield code='y'>14th century</subfield></datafield><datafield ind1=' ' ind2='0' tag='650'><subfield code='a'>Manuscripts, Arabic</subfield><subfield code='z'>New Jersey</subfield><subfield code='z'>Princeton.</subfield></datafield><datafield ind1=' ' ind2='7' tag='655'><subfield code='a'>Manuscripts, Arabic</subfield><subfield code='z'>Saudi Arabia</subfield><subfield code='z'>Medina</subfield><subfield code='y'>14th century.</subfield><subfield code='2'>lcsh</subfield></datafield><datafield ind1=' ' ind2='7' tag='655'><subfield code='a'>Manuscripts, Arabic</subfield><subfield code='y'>14th century.</subfield><subfield code='2'>lcsh</subfield></datafield><datafield ind1='1' ind2=' ' tag='880'><subfield code='6'>100-01/r</subfield><subfield code='a'>عراقي، عبد الرحيم بن الحسين</subfield></datafield><datafield ind1='1' ind2='0' tag='880'><subfield code='6'>245-02/r</subfield><subfield code='a'>كتاب نظم الدرر السنية في السير الزكية /</subfield><subfield code='c'>نظم الفقير الى الله تعالى عبد الرحيم بن الحسين بالمدينة الشريفة</subfield></datafield><datafield ind1='3' ind2='0' tag='880'><subfield code='6'>246-03/r</subfield><subfield code='a'>نظم الدرر السنية في السير الزكية</subfield></datafield><datafield ind1='3' ind2='0' tag='880'><subfield code='6'>246-04/r</subfield><subfield code='a'>الدرر السنية في السير الزكية</subfield></datafield><datafield ind1='1' ind2=' ' tag='880'><subfield code='6'>246-05/r</subfield><subfield code='a'>الدرر السنية في السيرة الزكية</subfield></datafield><datafield ind1='1' ind2=' ' tag='880'><subfield code='6'>246-06/r</subfield><subfield code='a'>الفية السيرة</subfield></datafield><datafield ind1='1' ind2=' ' tag='880'><subfield code='6'>246-07/r</subfield><subfield code='a'>الالفية في السير</subfield></datafield><datafield ind1='1' ind2=' ' tag='880'><subfield code='6'>246-08/r</subfield><subfield code='a'>نظم الدرر في المغازي والسير</subfield></datafield><datafield ind1=' ' ind2=' ' tag='880'><subfield code='6'>500-00/r</subfield><subfield code='a'>Incipit: بسم ... يقول راجى من اليه المهرب عبد الرحيم بن حسين المذنب احمد ربّى باتم الحمد وللصلوة والسلام اهدى</subfield></datafield><datafield ind1=' ' ind2=' ' tag='880'><subfield code='6'>500-00/r</subfield><subfield code='a'>Explicit: وساير الاصحاب والولىّ</subfield></datafield><datafield ind1='4' ind2='1' tag='856'><subfield code='u'>http://arks.princeton.edu/ark:/88435/pr76f3451</subfield></datafield><datafield ind1=' ' ind2=' ' tag='902'><subfield code='a'>ceb</subfield><subfield code='b'>o</subfield><subfield code='6'>t</subfield><subfield code='7'>m</subfield><subfield code='d'>v</subfield><subfield code='f'>0</subfield><subfield code='e'>20060714</subfield></datafield><datafield ind1='8' ind2=' ' tag='852'><subfield code='0'>5004887</subfield><subfield code='b'>hsvm</subfield><subfield code='h'>Islamic Manuscripts, Garrett no. 3520Y</subfield></datafield><datafield ind1=' ' ind2=' ' tag='959'><subfield code='a'>2011-04-29 10:14:46 +0000</subfield></datafield></record>
